<?xml version="1.0" encoding="UTF-8" ?>
<record Numero="13914401" format="InterXMarc_Complet" type="Authority">
<leader>00540c1 au22000272  45  <Pos Code="0004">00540</Pos>
<Pos Code="05" Sens="notice modifiée">c</Pos>
<Pos Code="06" Sens="notice validée en catalogage courant">1</Pos>
<Pos Code="08" Sens="notice d&apos;autorité">a</Pos>
<Pos Code="09" Sens="titre uniforme musical (TUM)">u</Pos>
<Pos Code="10">2</Pos>
<Pos Code="11">2</Pos>
<Pos Code="1216">00027</Pos>
<Pos Code="17" Sens="autres cas">2</Pos>
<Pos Code="20">4</Pos>
<Pos Code="21">5</Pos>
</leader>
<controlfield tag="001">FRBNF139144012<Pos Code="0001">FR</Pos>
<Pos Code="0204">BNF</Pos>
<Pos Code="0512">13914401</Pos>
<Pos Code="13">2</Pos>
</controlfield>
<controlfield tag="008">890821120828yy    sn        17..      ....                   1   <Pos Code="0001">89</Pos>
<Pos Code="0203">08</Pos>
<Pos Code="0405">21</Pos>
<Pos Code="0607">12</Pos>
<Pos Code="0809">08</Pos>
<Pos Code="1011">28</Pos>
<Pos Code="1213" Sens="ne s&apos;applique pas">yy</Pos>
<Pos Code="1820">sn </Pos>
<Pos Code="2831">17..</Pos>
<Pos Code="3841">....</Pos>
<Pos Code="61" Sens="La vedette peut être liée à une notice bibliographique sauf pour l&apos;accès matière RAMEAU">1</Pos>
</controlfield>
<datafield tag="048" ind1=" " ind2=" ">
	<subfield code="a">kn01<Pos Code="0001" Sens="clavier - non spécifié">kn</Pos>
<Pos Code="02">0</Pos>
<Pos Code="03">1</Pos>
</subfield>
</datafield>
<datafield tag="100" ind1=" " ind2=" ">
	<subfield code="3">13899454</subfield>
	<subfield code="w"> 0  b     </subfield>
	<subfield code="a">Scarlatti</subfield>
	<subfield code="m">Domenico</subfield>
	<subfield code="d">1685-1757</subfield>
</datafield>
<datafield tag="144" ind1="1" ind2=" ">
	<subfield code="w">....b.....</subfield>
	<subfield code="a">Sonates</subfield>
	<subfield code="b">Clavier</subfield>
	<subfield code="k">K 380</subfield>
	<subfield code="t">Mi majeur</subfield>
</datafield>
<datafield tag="444" ind1="1" ind2=" ">
	<subfield code="w">....b.....</subfield>
	<subfield code="a">Sonates</subfield>
	<subfield code="b">Clavier</subfield>
	<subfield code="k">L 23</subfield>
	<subfield code="t">Mi majeur</subfield>
</datafield>
<datafield tag="444" ind1="1" ind2=" ">
	<subfield code="w">....b.....</subfield>
	<subfield code="a">Sonates</subfield>
	<subfield code="b">Clavier</subfield>
	<subfield code="k">P 483</subfield>
	<subfield code="t">Mi majeur</subfield>
</datafield>
<datafield tag="600" ind1=" " ind2=" ">
	<subfield code="a">Date de composition : 17..</subfield>
</datafield>
<datafield tag="610" ind1=" " ind2=" ">
	<subfield code="a">Grove 6</subfield>
</datafield>
<datafield tag="917" ind1=" " ind2=" ">
	<subfield code="o">OPC</subfield>
	<subfield code="a">100436220</subfield>
</datafield>
<datafield tag="917" ind1=" " ind2=" ">
	<subfield code="o">OPD</subfield>
	<subfield code="a">100064800</subfield>
	<subfield code="b">ATUM</subfield>
</datafield>
<datafield tag="996" ind1=" " ind2=" ">
	<subfield code="o">OPP</subfield>
	<subfield code="a">13869643</subfield>
	<subfield code="d">20120828</subfield>
</datafield>
<datafield tag="996" ind1=" " ind2=" ">
	<subfield code="o">OPP</subfield>
	<subfield code="a">13869627</subfield>
	<subfield code="d">20120828</subfield>
</datafield>
<datafield tag="996" ind1=" " ind2=" ">
	<subfield code="o">OPP</subfield>
	<subfield code="a">14785686</subfield>
	<subfield code="d">20120828</subfield>
</datafield>
<Attr Nom="IDPerenne">ark:/12148/cb13914401r</Attr>
<Attr Nom="NumSource">OPC 100436220</Attr>
<Attr Nom="Source" Sens="BnF catalogue général (depuis 1999)">A</Attr>
<Attr Nom="NumAutoriteLiee">13899454</Attr>
<Attr Nom="DateCreation">21/08/ 1989</Attr>
<Attr Nom="ResponsableCreation">MIGV2</Attr>
<Attr Nom="StructCreation">1</Attr>
<Attr Nom="DateDerniereValidation">28/08/ 2012</Attr>
<Attr Nom="ResponsableDerniereValidation">SERRES CATHERINE</Attr>
<Attr Nom="StructPremiereValidation">1</Attr>
<Attr Nom="DatePremiereValidation">21/08/ 1989</Attr>
<Attr Nom="ResponsablePremiereValidation">MIGV2</Attr>
<Attr Nom="StructDerniereValidation">82</Attr>
<Attr Nom="NumSource" Rep="1">OPD 100064800</Attr>
<Attr Nom="NumSource" Rep="2">OPP 13869643</Attr>
<Attr Nom="NumSource" Rep="3">OPP 13869627</Attr>
<Attr Nom="NumSource" Rep="4">OPP 14785686</Attr>
</record>
